@book{arnold1980,
  author = {Арнольд, В. И. },
  title = {Математические методы классической механики},
  publisher = {Наука},
  address = {М.},
  year = {1974},
  %note = {English translation: \emph{Mathematical Methods of Classical Mechanics}, Springer-Verlag, 1980},
  language = {russian}
}

@book{batchelor1967,
  title={Введение в динамику жидкости},
  author={Бэтчелор, Дж.},
  year={1973},
  publisher={Мир},
  language = {russian}
}

@article{braess1968,
  author = {Braess, D.},
  title = {Über ein {P}aradoxon aus der {V}erkehrsplanung}, %(``{A} paradox of traffic assignment problems'')
  journal = {Unternehmensforschung},
  volume = {12},
  year = {1968},
  pages = {258--268},
  addendum ={[Translated by D. Braess, A. Nagurney and T. Wakolbinger in \emph{Transportation Science} 39, 446--450 (2005)]}
}


@book{epstein1992,
  author = {Epstein, L. C.},
  title = {Thinking Physics: Practical Lessons in Critical Thinking},
  publisher = {Insight Press},
  address = {San Francisco},
  year = {1992}
}

@book{goldstein1950,
  author = {Goldstein, H. G.},
  title = {Classical Mechanics},
  publisher = {Addison-Wesley},
  address = {Reading, MA},
  year = {1950}
}

@article{grewal2011,
  author = {Grewal, A. and Johnson, P. and Ruina, A.},
  title = {A chain that accelerates, rather than slows, due to collisions: how compression can cause tension},
  journal = {American Journal of Physics},
  volume = {79},
  number = {7},
  month = {July},
  year = {2011},
  pages = {723}
}

@book{jargodzki2001,
  author = {Jargodzki, C. P. and Potter, F.},
  title = {Mad about Physics: Braintwisters, Paradoxes, and Curiosities},
  publisher = {John Wiley \& Sons},
  address = {New York},
  year = {2001}
}

@book{landau2002,
  author = {Ландау, Л. Д. and Лифшиц, Е. М.},
  title = {Механика},
  series = {Курс теоретической физики},
  volume = {1},
  edition = {3},
  publisher = {Физматлит},
  address = {Москва},
  year = {2001},
 % note = {English translation: \emph{Mechanics}, Butterworth-Heinemann, 2002},
  language = {russian}
}

@book{levi2009,
  author = {Levi, M.},
  title = {The Mathematical Mechanic: Using Physical Reasoning to Solve Problems},
  publisher = {Princeton University Press},
  address = {Princeton, NJ},
  year = {2009}
}

@article{levi1999,
  author = {Levi, M.},
  journal = {Physica D},
  volume = {132},
  year = {1999},
  pages = {158}
}%???

@book{makovetskij,
  title={Смотри в корень!: Сборник любопытных задач и вопросов},
  author={Маковецкий, П. В.},
  year={1979},
  edition={4},
  publisher={Наука},
 % pages={384},
  place={М.}
}

@book{minnaert1993,
  author = {Minnaert, M.},
  title = {Light and Color in the Outdoors},
  publisher = {Springer-Verlag},
  address = {New York},
  year = {1993},
 % note = {Translated and revised edition. Originally published as: \emph{The Nature of Light and Color in the Open Air}, Dover, 1954}
}

@article{michaelis1991,
  author = {Michaelis, M. M. and Woodward, T.},
  journal = {American Journal of Physics},
  volume = {59},
  number = {9},
  year = {1991},
  pages = {816--821}
}

@book{munkres2000,
  author = {Munkres, J.},
  title = {Topology},
  publisher = {Prentice-Hall},
  address = {Upper Saddle River, NJ},
  year = {2000}
}

@book{nahin2011,
  author = {Nahin, P.},
  title = {Number Crunching: Taming Unruly Computational Problems from Mathematical Physics to Science Fiction},
  publisher = {Princeton University Press},
  address = {Princeton, NJ},
  year = {2011}
}

@book{neimark1972,
  author = {Неймарк, Ю. И. and Фуфаев},
  title = {Динамика неголономных систем},
  publisher = {Наука},
  address = {Москва},
  year = {1967},
 % note = {English translation: \emph{Dynamics of Nonholonomic Systems}, American Mathematical Society, 1972},
  language = {russian}
}

@article{penchina2003,
  author = {Penchina, C. M. and Penchina, L. J.},
  title = {The {Braess} paradox in mechanical, traffic, and other networks},
  journal = {American Journal of Physics},
  year = {2003},
  pages = {479--482}
}


@book{perelman1962,
  author = {Перельман, Я. И.},
  title = {Занимательная физика. Книга 1 и Книга 2},
  publisher = {Детгиз},
  address = {Москва},
  year = {1913/1916},
 % note = {English translation: \emph{Physics for Entertainment, Books 1 and 2}, Foreign Languages Publishing House, 1962-1963},
  language = {russian}
}

@book{routh1884,
  author = {Routh, E. J.},
  title = {Dynamics of a System of Rigid Bodies},
  edition = {Part 2, 4th ed},
  publisher = {MacMillan and Co.},
  address = {London},
  year = {1884},
  pages = {299--300}
}

@article{stephenson1908,
  author = {Stephenson, A.},
  title = {On a new type of dynamical stability},
  journal = {Manchester Memoirs},
  volume = {52},
  year = {1908},
  pages = {110}
}

@book{walker2007,
  author = {Walker, J.},
  title = {The Flying Circus of Physics},
  publisher = {John Wiley \& Sons},
  address = {New York},
  year = {2007}
}

@article{wolf1970,
  author = {Wolf, G. H.},
  journal = {Physical Review Letters},
  volume = {24},
  year = {1970},
  pages = {444--446}
}
